@Article(Build
   ,Title="Build - A Software Construction Tool"
   ,Author="B. Erickson and J.F. Pellegrin"
   ,Journal="ATT Bell Labs Technical Journal"
   ,Volume=63 ,Year=1984 ,Pages="1049-1059")

@Book(ClearCase
   ,Title="ClearCase Reference Manual"
   ,Key="ClearCase"
   ,Publisher="Atria Software"
   ,Year=1993)

@Book(GNUMake
   ,Title="{GNU Make}: A Program for Directing Recompilation"
   ,Author="Richard M. Stallman and Roland McGrath"
   ,Publisher="Free Software Foundation"
   ,Year=1993)

@Article(Make
   ,Title="{MAKE} - A Program for Maintaining Computer Programs"
   ,Author="S. I. Feldman"
   ,Journal="Software - Practice and Experience"
   ,Volume=9 ,Year=1979 ,Pages="255-265")

@InProceedings(MK
   ,Title="{MK}: a successor to make"
   ,Author="A. G. Hume"
   ,BookTitle="USENIX Summer Conference Proceedings"
   ,Year=1987 ,Pages="445-457")

@Article(NMake
   ,Title="A Case for make"
   ,Author="G. Fowler"
   ,Journal="Software - Practice and Experience"
   ,Volume=20 ,Year=1990 ,Month="June" ,Pages="35-46")


